@misc{kmeansbrilliant,
    title = {K-Means Clustering},
    author = {Nathan Landman, Hannah Pang, Christopher Williams},
    howpublished = {\url{https://brilliant.org/wiki/k-means-clustering/}},
    urldate = {2024-06-16}
}
@misc{kmeanspluspluspaper,
    title = {K-means++: The Advantages of Careful Seeding},
    author = {David Arthur, Sergei Vassilvitskii},
    howpublished = {\url{https://theory.stanford.edu/~sergei/papers/kMeansPP-soda.pdf}},
    urldate = {2024-06-16}
}
@misc{kmeanspluspluswiki,
    title = {K-means++},
    author = {Wiki},
    howpublished = {\url{https://en.wikipedia.org/wiki/K-means++}},
    urldate = {2024-06-16}
}
@misc{kmeansplusplusyoutube,
    title = {K-Means++ Centroid Initialization},
    author = {Jacob Bumgarner},
    howpublished = {\url{https://www.youtube.com/watch?v=4qJWhvFQb9g}},
    urldate = {2024-06-16}
}
@misc{github_ref,
    title = {Github Color Compression Report},
    author = {Dang Ha Huy},
    howpublished = {\url{https://github.com/faithdanghuy/Color-Compression/blob/main/Report.pdf}},
    urldate = {2024-06-17}
}
@misc{lenaimage,
    title = {Lena Image},
    author = {mikolalysenko},
    howpublished = {\url{https://github.com/mikolalysenko/lena}},
    urldate = {2024-06-17}
}
@misc{landscapeimage,
    title = {Landscape Image},
    author = {sample-videos.com},
    howpublished = {\url{https://sample-videos.com/download-sample-png-image.php}},
    urldate = {2024-06-17}
}